@online{MobileMarket,
url = {https://gs.statcounter.com/os-market-share/mobile/worldwide},
title = {Mobile Operating System Market Share Worldwide},
}

@online{Loongarch,
url = {https://loongson.github.io/LoongArch-Documentation/README-EN.html},
title = {Loongson Technology Co.,Ltd. Loongarch documentation},
year ={2023},
}

@inproceedings{2006The,
  title={The effects of frame rate and resolution on users playing first person shooter games},
  author={ Claypool, Mark  and  Claypool, Kajal  and  Damaa, Feissal },
  booktitle={Multimedia Computing \& Networking},
  year={2006},
}

@inproceedings{张超2012Android,
  title={Android图形系统向桌面Linux的移植},
  author={张超 and 张超 and 易晓东 and 戴华东 and 国防科学技术大学计算机学院 长沙},
  booktitle={中国计算机学会},
  year={2012},
  pages= {209--213},
}

@online{AndroidX86,
url = {https://www.android-x86.org/},
title = {Android-x86-porting android to x86},
}

@online{mesa3d,
url = {http://www.mesa3d.org/},
title = {The mesa 3D graphics library},
}

@online{DRM,
url = {https://dri.freedesktop.org/wiki/DRM},
title = {Direct rendering manager (DRM)},
}

@online{GEM,
url = {https://lwn.net/Articles/283798/},
title = {Packard K. Gem-the graphics execution manager},
year ={2008},
}

@online{Inki,
url = {https://docs.mulgara.org/images/7/71/Elce11_dae.pdf},
title = {Inki Dae Software Platform Lab. DRM Driver Development For Embedded Systems},
year ={2011},
}

@online{Android-12-cdd,
url = {https://source.android.google.cn/docs/compatibility/12/android-12-cdd?hl=zh-cn},
title = {Android 12 兼容性定义 },
year ={2021},
}

@online{GoogleTest,
url = {https://google.github.io/googletest/},
title = {谷歌测试框架 },
}

@article{ XTYY201710015,
author = { 江帆 and  贺也平 and  周启明 },
title = {SurfaceFlinger在X Window系统环境下的运行方案},
journal = {计算机系统应用},
volume = {26},
number = {10},
pages = {95-101},
year = {2017},
issn = {1003-3254},
doi = {10.15888/j.cnki.csa.006012}
} 

@mastersthesis { 1016779798.nh,
author = { 李全刚 },
title = {面向嵌入式系统的Android图形系统的再设计},
school = {华中科技大学},
year = {2016}
} 

@book{邓凡平2011深入理解,
  title={深入理解Android: 第1卷},
  author={邓凡平},
  publisher={深入理解Android: 第1卷},
  year={2011},
}

@inproceedings{高胜寒2019基于国产,
  title={基于国产GPU的图形硬件抽象层研究与实现},
  author={高胜寒 and 熊庭刚},
  booktitle={2019年船舶电子自主可控技术发展学术年会论文集},
  year={2019},
}